@inbook{x,
 author={A. Uthor},
 title={A chapter},
 booktitle={A book},
 publisher={Publisher},
 year={2012},
 pages={3\pagehyphen5},
}
